@inproceedings{Haas:1999:RJO:304182.304208,
 author = {Haas, Peter J. and Hellerstein, Joseph M.},
 title = {Ripple joins for online aggregation},
 booktitle = {Proceedings of the 1999 ACM SIGMOD international conference on Management of data},
 series = {SIGMOD '99},
 year = {1999},
 isbn = {1-58113-084-8},
 location = {Philadelphia, Pennsylvania, United States},
 pages = {287--298},
 numpages = {12},
 url = {http://doi.acm.org/10.1145/304182.304208},
 doi = {http://doi.acm.org/10.1145/304182.304208},
 acmid = {304208},
 publisher = {ACM},
 address = {New York, NY, USA},
} 


@inproceedings{Hellerstein:1997:OA:253260.253291,
 author = {Hellerstein, Joseph M. and Haas, Peter J. and Wang, Helen J.},
 title = {Online aggregation},
 booktitle = {Proceedings of the 1997 ACM SIGMOD international conference on Management of data},
 series = {SIGMOD '97},
 year = {1997},
 isbn = {0-89791-911-4},
 location = {Tucson, Arizona, United States},
 pages = {171--182},
 numpages = {12},
 url = {http://doi.acm.org/10.1145/253260.253291},
 doi = {http://doi.acm.org/10.1145/253260.253291},
 acmid = {253291},
 publisher = {ACM},
 address = {New York, NY, USA},
} 

@inproceedings{Luo:2002:SHR:564691.564721,
 author = {Luo, Gang and Ellmann, Curt J. and Haas, Peter J. and Naughton, Jeffrey F.},
 title = {A scalable hash ripple join algorithm},
 booktitle = {Proceedings of the 2002 ACM SIGMOD international conference on Management of data},
 series = {SIGMOD '02},
 year = {2002},
 isbn = {1-58113-497-5},
 location = {Madison, Wisconsin},
 pages = {252--262},
 numpages = {11},
 url = {http://doi.acm.org/10.1145/564691.564721},
 doi = {http://doi.acm.org/10.1145/564691.564721},
 acmid = {564721},
 publisher = {ACM},
 address = {New York, NY, USA},
} 

@article{Jermaine:2006:SJ:1189769.1189775,
 author = {Jermaine, Christopher and Dobra, Alin and Arumugam, Subramanian and Joshi, Shantanu and Pol, Abhijit},
 title = {The Sort-Merge-Shrink join},
 journal = {ACM Trans. Database Syst.},
 issue_date = {December 2006},
 volume = {31},
 issue = {4},
 month = {December},
 year = {2006},
 issn = {0362-5915},
 pages = {1382--1416},
 numpages = {35},
 url = {http://doi.acm.org/10.1145/1189769.1189775},
 doi = {http://doi.acm.org/10.1145/1189769.1189775},
 acmid = {1189775},
 publisher = {ACM},
 address = {New York, NY, USA},
 keywords = {OLAP, Online algorithms, nonparametric statistics},
} 

@article{Jermaine:2008:SAQ:1412331.1412335,
 author = {Jermaine, Chris and Arumugam, Subramanian and Pol, Abhijit and Dobra, Alin},
 title = {Scalable approximate query processing with the DBO engine},
 journal = {ACM Trans. Database Syst.},
 issue_date = {November 2008},
 volume = {33},
 issue = {4},
 month = {December},
 year = {2008},
 issn = {0362-5915},
 pages = {23:1--23:54},
 articleno = {23},
 numpages = {54},
 url = {http://doi.acm.org/10.1145/1412331.1412335},
 doi = {http://doi.acm.org/10.1145/1412331.1412335},
 acmid = {1412335},
 publisher = {ACM},
 address = {New York, NY, USA},
 keywords = {Online aggregation, randomized algorithms, sampling},
} 

@inproceedings{Luo:2002:SHR:564691.564721,
 author = {Luo, Gang and Ellmann, Curt J. and Haas, Peter J. and Naughton, Jeffrey F.},
 title = {A scalable hash ripple join algorithm},
 booktitle = {Proceedings of the 2002 ACM SIGMOD international conference on Management of data},
 series = {SIGMOD '02},
 year = {2002},
 isbn = {1-58113-497-5},
 location = {Madison, Wisconsin},
 pages = {252--262},
 numpages = {11},
 url = {http://doi.acm.org/10.1145/564691.564721},
 doi = {http://doi.acm.org/10.1145/564691.564721},
 acmid = {564721},
 publisher = {ACM},
 address = {New York, NY, USA},
} 
